3024 4032
2683 17 54 70 5.

871 89 468 119 1790. 1791.

143 172 2580 291 ¬ de 15 pas; j'avoue que malgré que je savais qu'il ne m'en arriverait rien, j'avais

138 262 2597 300 une peur du diable; le coup partit avec un fort petit bruit, il y avaita trop peu

145 371 2612 276 de poudre, je fis le généreux en tirant en l'air; nous nous embrassames et

143 456 2583 296 il fut convenut que les eñemis réconciliés payeraient un gouter à Mess^s les

147 573 2657 269 secondants. J'ignore encore dans ce moment si mon adversairea a sû de quoi

147 692 2664 257 il s'agissait. Le mois de septembre fut le dernier que je passais au pays de Vaud;

159 815 2643 237 la maladie de M^r Pache causait mon prompt retour; j'ai logé pendant 15. jours

159 920 2287 240 au château, ches M^r le Baillif de Ryhiner, qui m'a comblé d'hoñêtetés.

174 1034 2664 231 La satisfaction de revoir mes parans qui se trouvaient à Kirchberg était extrême,

172 1155 2612 195 nous rentrames en Ville en 9^bre. en Décembre et une partie de Janviér 1791. se

174 1256 2664 186 passa à Ursenbach; mon père venait d'hériter le ministre Aechler un cousin

185 1379 2662 175 fort eloigné. En revenant à Berne, je continuais à fréquenter linstitut.

156 1500 2697 157 Le 6. de mars en com̃ençant ma 16^me añée, on me plaça dans la Chancellerie,

168 1599 2683 175 plus-tôt pour me faire travailler, que de suivre cette carriére. Il faut que

170 1720 2600 172 mes parans se soyent apperçûs que la séparation entre mon cadet et moi

163 1841 2605 154 produisait un bon effet; il est certain que pendant ma 1^re absance nous

163 1957 2733 146 nous écrivions des lettres dont le contenû était des épanchemens réciproques

163 2056 2717 163 d'une tendre amitié, et des promesses solemnelles de ne plus nous rendre

185 2175 2704 154 nos jours amers par la discorde et la desunion; mais nous ne tinmes point

170 2302 2737 146 encore parole. Mon père résolut de mettre mon frére au pays de Vaud; nous

168 2408 2730 163 partimes le 1^er de may, mon pére et ses deux fils, pour conduire le cadet

170 2546 2726 146 chez M^r le Doyen Bourgeois à S^t Cierge; nous passames par Payerne et

172 2679 2726 123 Yverdun, et nous avions le plus grand plaisir de voyager avec un pére

185 2788 2771 130 aussi chéri. On nous reçût à S^t Cierge le mieux du monde, nous y laissames

188 2918 2762 112 mon frére, et princes la route de Moudon, pour nous en retourner à Berne.

241 3032 2711 124 Peu de tems après, je crois au mois de Juin, on alla à Kirchberg. Dans les belles

179 3149 2768 137 soirées de l'été, à la promenade, mes parans s'occupaient du sort futur de

185 3254 2771 144 leurs enfans. Mes deux soeurs étaient établies; mon frére ainé, dont l'amour

183 3366 2764 159 pour l'étude devait faire un hom̃e de lettres, venait de quitter l'univérsité de

188 3444 2775 221 Göttinguen, il était attendu à la maison aussi tôt que ses voiages à Berlin à Vieñe

206 3579 2735 188 et à Francfort, où il voulait assister au couroñement de l'empereur Léopold,

203 3682 2796 204 seraient à leur fin. Mes les deux fils cadets demandaient encore les sollicitudes

2840 3861 89 139 ¬
