3024 4032
156 297 61 103 6.

1099 170 240 107 1791.

238 305 2419 225 ¬ des meilleurs parans. Une lettre que mon pére reçût dans ce tems de M^r

235 413 2463 228 Stettler, Lieut^d Colonel au régiment de Rochmondet, au service du Roi de Sardaigne

235 507 2429 218 où il lui offre une place de sous lieutenant pour un de ses fils, le mit dans

235 614 2479 215 une espéce de perplexitude. Eñemi de l'état militaire, par des exemples mal¬

221 712 2483 215 ¬heureux qui le touchaient de près ; le brouillard qui paroissait déja obscurcir

241 826 2460 215 alors l'horizont politique, faisaient redouter à mes parans une carriére

225 950 2510 195 qui sous une trompeuse apparance cache les desagrémens qui en sont insépa¬

228 1057 2493 181 ¬rables. Ils crurent cependant devoir m'informer de l'espéce d'établissement

224 1189 2461 168 qui venait de s'offrir, ma mére me parla de la lettre en question, et sans

224 1305 2475 151 y mettre la moindre importance elle me dit: je pense que l'idée de servir

219 1433 2464 121 ne te vient pas? ma résolution contraire mit le comble à son étonement,

221 1554 2469 114 elle me conseilla de réfléchir murement avant de me décider; mon pére

210 1677 2516 119 me fit voir les dangers attachés à cette vocation sans s'opposer à mes voeux

212 1798 2532 126 de la suivre. Rendu à moi même je sentis toute l'importance du parti

217 1919 2529 130 que je me proposais à prendre; la brouillerie avec mes amis, la désagréable

212 2027 2529 148 impression qui en était réstée au public, le peu d'harmonie dans laquelle je

212 2152 2480 155 vivais avec mon frére, la déclaration de mon pére de ne point me placer

226 2257 2462 177 dans la chancellerie où je me plaisais, la joie de revoir et de vivre

206 2352 2499 219 avec R. Stettler de Bipp mon ancien ami, et enfin la vanité de porter

212 2457 2500 233 l'uniforme, furent les motifs qui me déterminérent à choisir le metier

203 2569 2556 248 des armes; j'en fis la déclaration à mes parans, ils ne contrariérent

197 2690 2473 253 point ma volonté, mon pére écrivit au L^t Col. Stettler, qu'un de ses fils

208 2793 2614 316 se décidait à accepter la place qu'il avait eu la complaisance de lui offrir;

204 2876 2628 376 Il n'y en avait pas de vacante ce moment là, mais on me promit la 1^re qui

184 2990 2561 363 vaquerait. Les affaires d'état appellérent mon pére en Ville au

191 3097 2604 394 mois d'Aoust, nous allames nous y établir. J'arborais avec empressement

194 3218 2565 404 la cocarde bleûe sur un chapeau militaire; un camp de plaisance était

191 3309 2685 481 alors tout près de Berne, j'y allais tous les jours et je pris ainsi insensiblement

198 3393 2647 518 le gout de mon état. Ce qui ne contribua pas peu à me le rendre agréable,

183 3521 2581 495 fut l'arrivée de mon ami Stettler, qui reçût un congé de quelques semaines.

194 3595 2187 434 Dans le tems que son Bataillon était en garnison à Carouge
